@article{buschmann2014cremation,
    title={Cremation},
    author={Buschmann, Claas T and Tsokos, Michael},
    journal={Handbook of Forensic Medicine},
    pages={134--137},
    year={2014},
    publisher={John Wiley \& Sons, Ltd}
}
@article{badge2016design,
    title={Design and analysis of energy efficient crematorium for eco body burning},
    author={Shilpa S Badge and A.A. Bhole and Prasad Kokil},
    journal={International Journal on Emerging Trends in Technology},
    volume={3},
    number={2},
    year={2016}
}
@article{biomassgas,
    title = "Biomass Gasification Utilization for Double-chambered Crematory",
    journal = "Energy Procedia",
    volume = "52",
    number = "",
    pages = "308 - 315",
    year = "2014",
    issn = "1876-6102",
    doi = "http://dx.doi.org/10.1016/j.egypro.2014.07.082",
    url = "http://www.sciencedirect.com/science/article/pii/S1876610214009448",
    author = "Yaowateera Achawangkul and Naoki Maruyama and Chatchawan Chaichana and Masafumi Hirota"
}
@misc{harker_2012,
    title={Landscapes of the Dead: An Argument for Conservation Burial},
    url={http://ced.berkeley.edu/bpj/2012/09/landscapes-of-the-dead-an-argument-for-conservation-burial/},
    journal={The Urban Fringe},
    publisher={UC Berkeley College of Environmental Design},
    author={Harker, Alexandra},
    year={2012},
    month={Sep}
}
@article{mortality,
    title={Deaths: Final Data for 2014},
    author={Kenneth D. Kochanek and Sherry L. Murphy and Jiaquan Xu and
Betzaida Tejada-Vera},
    journal={National Vital Statistics Reports},
    volume={65},
    number={4},
    year={2016},
    url={https://www.cdc.gov/nchs/data/nvsr/nvsr65/nvsr65_04.pdf}
}
